<?xml version="1.0" encoding="UTF-8"?><record xmlns="http://www.loc.gov/MARC21/slim" xmlns:cinclude="http://apache.org/cocoon/include/1.0" xmlns:zs="http://www.loc.gov/zing/srw/">
  <leader>01333nz  a2200253n  4500</leader>
  <controlfield tag="001">no2015131342</controlfield>
  <controlfield tag="003">DLC</controlfield>
  <controlfield tag="005">20151002073534.0</controlfield>
  <controlfield tag="008">151001n| azannaabn          |n aaa     c</controlfield>
  <datafield tag="010" ind1=" " ind2=" ">
    <subfield code="a">no2015131342</subfield>
  </datafield>
  <datafield tag="035" ind1=" " ind2=" ">
    <subfield code="a">(OCoLC)oca10284223</subfield>
  </datafield>
  <datafield tag="040" ind1=" " ind2=" ">
    <subfield code="a">UkOxU</subfield>
    <subfield code="b">eng</subfield>
    <subfield code="e">rda</subfield>
    <subfield code="c">UkOxU</subfield>
  </datafield>
  <datafield tag="046" ind1=" " ind2=" ">
    <subfield code="s">20</subfield>
  </datafield>
  <datafield tag="100" ind1="1" ind2=" ">
    <subfield code="a">Gorecki, Paul</subfield>
  </datafield>
  <datafield tag="370" ind1=" " ind2=" ">
    <subfield code="c">Ireland</subfield>
    <subfield code="2">naf</subfield>
  </datafield>
  <datafield tag="372" ind1=" " ind2=" ">
    <subfield code="a">Competition, Unfair</subfield>
    <subfield code="a">Competition</subfield>
    <subfield code="a">Industrial organization (Economic theory)</subfield>
    <subfield code="2">lcsh</subfield>
  </datafield>
  <datafield tag="373" ind1=" " ind2=" ">
    <subfield code="a">Ireland. Competition Authority</subfield>
    <subfield code="2">naf</subfield>
    <subfield code="s">2000</subfield>
    <subfield code="t">2008</subfield>
  </datafield>
  <datafield tag="373" ind1=" " ind2=" ">
    <subfield code="a">Trinity College (Dublin, Ireland)</subfield>
    <subfield code="2">naf</subfield>
  </datafield>
  <datafield tag="373" ind1=" " ind2=" ">
    <subfield code="a">Ireland. Competition and Consumer Protection Commission</subfield>
  </datafield>
  <datafield tag="374" ind1=" " ind2=" ">
    <subfield code="a">Competition economist</subfield>
  </datafield>
  <datafield tag="374" ind1=" " ind2=" ">
    <subfield code="a">College teachers</subfield>
    <subfield code="a">Economics teachers</subfield>
    <subfield code="2">lcsh</subfield>
  </datafield>
  <datafield tag="375" ind1=" " ind2=" ">
    <subfield code="a">male</subfield>
  </datafield>
  <datafield tag="377" ind1=" " ind2=" ">
    <subfield code="a">eng</subfield>
  </datafield>
  <datafield tag="670" ind1=" " ind2=" ">
    <subfield code="a">Modern Irish competition law, 2015:</subfield>
    <subfield code="b">title page (Paul Gorecki) page v (a leading competition economist in Ireland; between 2000 and 2008 he was a member of the Competition Authority with responsibility for civil enforcement and, subsequently, mergers; he had oversight for the Authority on the BIDS, ILCU and Heating Oil cases; he has written extensively on competition and regulation; currently he lectures in industrial economics at Trinity College Dublin and provides competition advice to, among others, the Competition and Consumer Protection Commission)</subfield>
  </datafield>
</record>